@book
{
    teschl2012ordinary,
    title={Ordinary differential equations and dynamical systems},
    author={Teschl, Gerald},
    volume={140},
    year={2012},
    publisher={American Mathematical Soc.}
}

@Article{Ammari2020,
author={Ammari, Habib
and Dabrowski, Alexander
and Fitzpatrick, Brian
and Millien, Pierre},
title={Perturbation of the scattering resonances of an open cavity by small particles. Part I: the transverse magnetic polarization case},
journal={Zeitschrift f{\"u}r angewandte Mathematik und Physik},
year={2020},
month={06},
day={06},
volume={71},
number={4},
pages={102}
}

@Inbook{Brown2013,
author="Brown, B. Malcolm
and Eastham, Michael S. P.
and Schmidt, Karl Michael",
title="Floquet Theory",
bookTitle="Periodic Differential Operators",
year="2013",
publisher="Springer Basel",
address="Basel",
pages="1--29",
isbn="978-3-0348-0528-5",
doi="10.1007/978-3-0348-0528-5_1",
url="https://doi.org/10.1007/978-3-0348-0528-5_1"
}

@Article{Heider2008,
author={Heider, P.
and Berebichez, D.
and Kohn, R. V.
and Weinstein, M. I.},
title={Optimization of scattering resonances},
journal={Structural and Multidisciplinary Optimization},
year={2008},
month={11},
day={01},
volume={36},
number={5},
pages={443-456},
issn={1615-1488}
}
